<?xml version="1.0" encoding="UTF-8"?><collection xmlns="http://www.loc.gov/MARC21/slim"><record><leader>00489nam--2200145-i-4500</leader><controlfield tag="001">000036200</controlfield><controlfield tag="002">20161230</controlfield><controlfield tag="005">20161230201040</controlfield><controlfield tag="008">060222s1000------------r-----000-0-eng-d</controlfield><datafield ind1=" " ind2=" " tag="080"><subfield code="a">621.396.96</subfield></datafield><datafield ind1=" " ind2=" " tag="100"><subfield code="a">Oancea,Elisabeta Reghina., Oancea,Mihai Romeo</subfield></datafield><datafield ind1=" " ind2=" " tag="245"><subfield code="a">Teledetectia prin radar comantata. cinci convorbiri care explica principiile si metodele radiolocatiei...</subfield></datafield><datafield ind1=" " ind2=" " tag="260"><subfield code="a">Bucuresti, Ed.St.Si Enciclopedica, 1985. 176p</subfield></datafield><datafield ind1=" " ind2=" " tag="490"><subfield code="a">Colectia Stiinta Pentru Toti</subfield></datafield><datafield ind1=" " ind2=" " tag="852"><subfield code="a">72907</subfield></datafield></record></collection>